@book{podstawy_proj,
	author = "Stanisław Andrzejewski",
	title = "Podstawy projektowania siłowni cieplnych",
	publisher = "Wydawnictwo Naukowo-Techniczne",
	year = "1972",
	address = "Warszawa"
}
